@incollection{hethcote1989three,
  title={Three basic epidemiological models},
  author={Hethcote, Herbert W},
  booktitle={Applied mathematical ecology},
  pages={119--144},
  year={1989},
  publisher={Springer}
}

@article{pakes2015lambert,
  title={Lambert's W meets Kermack--McKendrick Epidemics},
  author={Pakes, Anthony G},
  journal={IMA Journal of Applied Mathematics},
  volume={80},
  number={5},
  pages={1368--1386},
  year={2015},
  publisher={Oxford University Press}
}

@article{harko2014exact,
  title={Exact analytical solutions of the Susceptible-Infected-Recovered (SIR) epidemic model and of the SIR model with equal death and birth rates},
  author={Harko, Tiberiu and Lobo, Francisco SN and Mak, MK},
  journal={Applied Mathematics and Computation},
  volume={236},
  pages={184--194},
  year={2014},
  publisher={Elsevier}
}
